@ARTICLE{fire_distinguish,
  author={Tian, Guangdong and Ren, Yaping and Zhou, MengChu},
  journal={IEEE Transactions on Intelligent Transportation Systems}, 
  title={Dual-Objective Scheduling of Rescue Vehicles to Distinguish Forest Fires via Differential Evolution and Particle Swarm Optimization Combined Algorithm}, 
  year={2016},
  volume={17},
  number={11},
  pages={3009-3021},
  doi={10.1109/TITS.2015.2505323}}